@article{PaesLeme2018,
	doi = {10.1007/s10107-018-1334-9},
	url = {https://doi.org/10.1007/s10107-018-1334-9},
	year = {2018},
	month = sep,
	publisher = {Springer Science and Business Media {LLC}},
	volume = {179},
	number = {1-2},
	pages = {343--384},
	author = {Renato Paes Leme and Sam Chiu-wai Wong},
	title = {Computing Walrasian equilibria: fast algorithms and structural properties},
	journal = {Mathematical Programming}
}

@article{Fujishige2003,
	doi = {10.1287/moor.28.3.463.16393},
	url = {https://doi.org/10.1287/moor.28.3.463.16393},
	year = {2003},
	month = aug,
	publisher = {Institute for Operations Research and the Management Sciences ({INFORMS})},
	volume = {28},
	number = {3},
	pages = {463--469},
	author = {Satoru Fujishige and Zaifu Yang},
	title = {A Note on Kelso and Crawford's Gross Substitutes Condition},
	journal = {Mathematics of Operations Research}
}