@article{PaesLeme2018,
	doi = {10.1007/s10107-018-1334-9},
	url = {https://doi.org/10.1007/s10107-018-1334-9},
	year = {2018},
	month = sep,
	publisher = {Springer Science and Business Media {LLC}},
	volume = {179},
	number = {1-2},
	pages = {343--384},
	author = {Renato Paes Leme and Sam Chiu-wai Wong},
	title = {Computing Walrasian equilibria: fast algorithms and structural properties},
	journal = {Mathematical Programming}
}

@book{Shor1985,
	doi = {10.1007/978-3-642-82118-9},
	url = {https://doi.org/10.1007/978-3-642-82118-9},
	year = {1985},
	publisher = {Springer Berlin Heidelberg},
	author = {Naum Zuselevich Shor},
	title = {Minimization Methods for Non-Differentiable Functions}
}